@article{grinstein,
  title={Exclusive rare B-decays at low recoil: Controlling the long-distance effects},
  author={Grinstein, Benjamin and Pirjol, Dan},
  journal={Physical Review Dâ€”Particles, Fields, Gravitation, and Cosmology},
  volume={70},
  number={11},
  pages={114005},
  year={2004},
  publisher={APS}
}

@article{soil,
  title={Soil heterogeneity and plant species diversity in experimental grassland communities: contrasting effects of soil nutrients and pH at different spatial scales},
  author={Xue, Wei and Bezemer, T Martijn and Berendse, Frank},
  journal={Plant and Soil},
  volume={442},
  pages={497--509},
  year={2019},
  publisher={Springer}
}